<record><leader>00000cas a2200000 a 4500</leader><controlfield tag="001">26272583</controlfield><controlfield tag="008">920728d1uuu191uiludn ne      0   a0eng c</controlfield><datafield ind1=" " ind2=" " tag="010"><subfield code="a">sn 92053285 </subfield></datafield><datafield ind1=" " ind2=" " tag="040"><subfield code="a">NVF</subfield><subfield code="b">eng</subfield><subfield code="c">NVF</subfield><subfield code="d">CVF</subfield><subfield code="d">NVF</subfield><subfield code="d">OCLCQ</subfield><subfield code="d">OCLCF</subfield><subfield code="d">NVF</subfield></datafield><datafield ind1=" " ind2=" " tag="042"><subfield code="a">pcc</subfield></datafield><datafield ind1=" " ind2=" " tag="043"><subfield code="a">n-us-il</subfield></datafield><datafield ind1="0" ind2=" " tag="130"><subfield code="a">Evening gazette (Spring Valley, Ill.)</subfield></datafield><datafield ind1="1" ind2="4" tag="245"><subfield code="a">The evening gazette.</subfield></datafield><datafield ind1=" " ind2=" " tag="260"><subfield code="a">Spring Valley, Bureau Co., Ill. :</subfield><subfield code="b">Fred T. Hoffman</subfield></datafield><datafield ind1=" " ind2=" " tag="300"><subfield code="a">v.</subfield></datafield><datafield ind1=" " ind2=" " tag="310"><subfield code="a">Daily (except Sunday)</subfield></datafield><datafield ind1=" " ind2=" " tag="588"><subfield code="a">Description based on: 27th year, number 222 (July 15, 1913).</subfield></datafield><datafield ind1=" " ind2=" " tag="588"><subfield code="a">Latest issue consulted: 27th year, number 225 (July 18, 1913).</subfield></datafield><datafield ind1=" " ind2="0" tag="651"><subfield code="a">Spring Valley (Ill.)</subfield><subfield code="v">Newspapers.</subfield></datafield><datafield ind1=" " ind2="7" tag="651"><subfield code="a">Illinois</subfield><subfield code="z">Spring Valley.</subfield><subfield code="2">fast</subfield><subfield code="0">(OCoLC)fst01219162</subfield></datafield><datafield ind1=" " ind2="7" tag="655"><subfield code="a">Newspapers.</subfield><subfield code="2">fast</subfield><subfield code="0">(OCoLC)fst01423814</subfield></datafield><datafield ind1=" " ind2=" " tag="752"><subfield code="a">United States</subfield><subfield code="b">Illinois</subfield><subfield code="c">Bureau</subfield><subfield code="d">Spring Valley.</subfield></datafield><datafield ind1="0" ind2="0" tag="785"><subfield code="t">Spring Valley gazette</subfield><subfield code="w">(DLC)sn 92053286</subfield><subfield code="w">(OCoLC)26272667</subfield></datafield><datafield ind1="1" ind2=" " tag="029"><subfield code="a">AU@</subfield><subfield code="b">000020749753</subfield></datafield></record>